@article{hubbert1956darcy,
  title = {Darcy's Law and the Field Equations of the Flow of Underground Fluids},
  author = {M. King Hubbert},
  year = {1956},
  journal = {Transactions of the {AIME}},
  publisher = {Society of Petroleum Engineers},
  volume = {207},
  number = {01},
  pages = {222--239},
}

@article{van1949application,
  title = {The Application of the {L}aplace Transformation to Flow Problems in Reservoirs},
  author = {AF Van Everdingen and William Hurst},
  year = {1949},
  journal = {Journal of Petroleum Technology},
  publisher = {Society of Petroleum Engineers},
  volume = {1},
  number = {12},
  pages = {305--324},
}

@article{LaxWendroff1960,
  title = {Systems of Conservation Laws},
  author = {Peter Lax and B. Wendroff},
  year = {1960},
  journal = {Communications on Pure and Applied Mathematics},
  publisher = {New York University and Los Alamos Scientific Laboratory},
  volume = {13},
  number = {2},
  pages = {217-237},
}

@article{tosi2013natural,
  title = {Natural Versus Anthropogenic Subsidence of {V}enice},
  author = {Luigi Tosi and Pietro Teatini and Tazio Strozzi},
  year = {2013},
  journal = {Scientific reports},
  publisher = {Nature Publishing Group},
  volume = {3},
  number = {1},
  pages = {1--9},
}

@article{hermansen2000experiences,
  title = {Experiences After 10 Years of Waterflooding the {E}kofisk {F}ield, Norway},
  author = {H. Hermansen and GH Landa and JE Sylte and LK Thomas},
  year = {2000},
  journal = {Journal of Petroleum Science and Engineering},
  publisher = {Elsevier},
  volume = {26},
  number = {1-4},
  pages = {11--18},
}

@article{fine1973compressibility,
  title = {Compressibility of Water As a Function of Temperature and Pressure},
  author = {Rana A. Fine and Frank J. Millero},
  year = {1973},
  journal = {The Journal of Chemical Physics},
  publisher = {American Institute of Physics},
  volume = {59},
  number = {10},
  pages = {5529--5536},
}

@article{lauer2020incubation,
  title = {The Incubation Period of Coronavirus Disease 2019 (COVID-19) From Publicly Reported Confirmed Cases: Estimation and Application},
  author = {Stephen A. Lauer and Kyra H. Grantz and Qifang Bi and Forrest K. Jones and Qulu Zheng and Hannah R. Meredith and Andrew S. Azman and Nicholas G. Reich and Justin Lessler},
  year = {2020},
  journal = {Annals of internal medicine},
  publisher = {American College of Physicians},
  volume = {172},
  number = {9},
  pages = {577--582},
}

@article{ma2006generality,
  title = {Generality of the Final Size Formula for an Epidemic of a Newly Invading Infectious Disease},
  author = {Junling Ma and David JD Earn},
  year = {2006},
  journal = {Bulletin of mathematical biology},
  publisher = {Springer},
  volume = {68},
  number = {3},
  pages = {679--702},
}

@article{wong2017systematic,
  title = {A Systematic Review of Early Modelling Studies of Ebola Virus Disease in West Africa},
  author = {ZSY Wong and CM Bui and AA Chughtai and CR Macintyre},
  year = {2017},
  journal = {Epidemiology \& Infection},
  publisher = {Cambridge University Press},
  volume = {145},
  number = {6},
  pages = {1069--1094},
}

@article{van2017reproduction,
  title = {Reproduction Numbers of Infectious Disease Models},
  author = {Pauline van den Driessche},
  year = {2017},
  journal = {Infectious Disease Modelling},
  publisher = {Elsevier},
  volume = {2},
  number = {3},
  pages = {288--303},
}

@article{begon2002clarification,
  title = {A Clarification of Transmission Terms in Host-Microparasite Models: Numbers, Densities and Areas},
  author = {Michael Begon and Malcolm Bennett and Roger G. Bowers and Nigel P. French and SM Hazel and Joseph Turner},
  year = {2002},
  journal = {Epidemiology \& Infection},
  publisher = {Cambridge University Press},
  volume = {129},
  number = {1},
  pages = {147--153},
}

@article{kermack1932_endemicity,
  title = {Contributions to the Mathematical Theory of Epidemics. II.—The Problem of Endemicity},
  author = {William Ogilvy Kermack and Anderson G. McKendrick},
  year = {1932},
  journal = {Proceedings of the {R}oyal {S}ociety of {L}ondon. Series A, Containing papers of a mathematical and physical character},
  publisher = {The Royal Society London},
  volume = {138},
  number = {834},
  pages = {55--83},
}

@article{kermack1933_further,
  title = {Contributions to the Mathematical Theory of Epidemics. III.—Further Studies of the Problem of Endemicity},
  author = {William Ogilvy Kermack and Anderson G. McKendrick},
  year = {1933},
  journal = {Proceedings of the {R}oyal {S}ociety of {L}ondon. Series A, Containing papers of a mathematical and physical character},
  publisher = {The Royal Society London},
  volume = {141},
  number = {843},
  pages = {94--122},
}

@article{diekmann1990definition,
  title = {On the {D}efinition and the {C}omputation of the {B}asic {R}eproduction {R}atio {R0} in {M}odels for {I}nfectious {D}iseases in {H}eterogeneous {P}opulations},
  author = {Odo Diekmann and Johan Andre Peter Heesterbeek and Johan AJ Metz},
  year = {1990},
  journal = {Journal of mathematical biology},
  publisher = {Springer},
  volume = {28},
  number = {4},
  pages = {365--382},
}

@article{bi2020epidemiology,
  title = {Epidemiology and Transmission of COVID-19 in 391 Cases and 1286 of Their Close Contacts in Shenzhen, China: a Retrospective Cohort Study},
  author = {Qifang Bi and Yongsheng Wu and Shujiang Mei and Chenfei Ye and Xuan Zou and Zhen Zhang and Xiaojian Liu and Lan Wei and Shaun A. Truelove and Tong Zhang},
  year = {2020},
  journal = {The Lancet Infectious Diseases},
  publisher = {Elsevier},
  volume = {20},
  number = {8},
  pages = {911--919},
}

@article{menda2021explaining,
  title = {Explaining COVID-19 Outbreaks With Reactive SEIRD Models},
  author = {Kunal R. Menda and Lucas Laird and Mykel J. Kochenderfer and Rajmonda S. Caceres},
  year = {2021},
  journal = {medRxiv},
  publisher = {Cold Spring Harbor Laboratory Press},
}

@article{he2013inferring,
  title = {Inferring the Causes of the Three Waves of the 1918 Influenza Pandemic in England and Wales},
  author = {Daihai He and Jonathan Dushoff and Troy Day and Junling Ma and David JD Earn},
  year = {2013},
  journal = {Proceedings of the Royal Society B: Biological Sciences},
  publisher = {The Royal Society},
  volume = {280},
  number = {1766},
  pages = {20131345},
}

@article{ma2006epidemic,
  title = {Epidemic Threshold Conditions for Seasonally Forced SEIR Models},
  author = {Junling Ma and Zhien Ma},
  year = {2006},
  journal = {Mathematical Biosciences \& Engineering},
  publisher = {American Institute of Mathematical Sciences},
  volume = {3},
  number = {1},
  pages = {161},
}

@article{ljung2010perspectives,
  title = {Perspectives on System Identification},
  author = {Lennart Ljung},
  year = {2010},
  journal = {Annual Reviews in Control},
  publisher = {Elsevier},
  volume = {34},
  number = {1},
  pages = {1--12},
}

@article{staerk2021estimating,
  title = {Estimating Effective Infection Fatality Rates During the Course of the COVID-19 Pandemic in Germany},
  author = {Christian Staerk and Tobias Wistuba and Andreas Mayr},
  year = {2021},
  journal = {BMC Public Health},
  publisher = {BioMed Central},
  volume = {21},
  number = {1},
  pages = {1--9},
}

@article{lofgren2016equations,
  title = {Equations of the End: Teaching Mathematical Modeling Using the Zombie Apocalypse},
  author = {Eric T. Lofgren and Kristy M. Collins and Tara C. Smith and Reed A. Cartwright},
  year = {2016},
  journal = {Journal of microbiology \& biology education},
  publisher = {American Society for Microbiology (ASM)},
  volume = {17},
  number = {1},
  pages = {137},
}

@article{lewis2016,
  title = {Modeling Zombie Outbreaks: a Problem-Based Approach to Improving Mathematics One Brain at a Time},
  author = {Matthew Lewis and James A. Powell},
  year = {2016},
  journal = {PRIMUS},
  publisher = {Taylor & Francis},
  volume = {26},
  number = {7},
  pages = {705-726},
}

@article{alemi2015you,
  title = {You Can Run, You Can Hide: the Epidemiology and Statistical Mechanics of Zombies},
  author = {Alexander A. Alemi and Matthew Bierbaum and Christopher R. Myers and James P. Sethna},
  year = {2015},
  journal = {Physical Review E},
  publisher = {APS},
  volume = {92},
  number = {5},
  pages = {052801},
}

@article{NumPy:paper,
  title = {{Python} for Scientific Computing},
  author = {T. E. Oliphant},
  year = {2007},
  journal = {Computing in Science \& Engineering},
  volume = {9},
}

@article{IPython:paper,
  title = {{IPython}: a System for Interactive Scientific Computing},
  author = {F. Perez and B. E. Granger},
  year = {2007},
  journal = {Computing in Science \& Engineering},
  volume = {9},
}

@article{Matplotlib:paper,
  title = {{Matplotlib}: a 2D Graphics Environment},
  author = {J. D. Hunter},
  year = {2007},
  journal = {Computing in Science \& Engineering},
  volume = {9},
}

@article{peng1976new,
  title = {A New Two-Constant Equation of State},
  author = {Ding-Yu Peng and Donald B. Robinson},
  year = {1976},
  journal = {Industrial \& Engineering Chemistry Fundamentals},
  publisher = {ACS Publications},
  volume = {15},
  number = {1},
  pages = {59--64},
}

@article{brauer2017,
  title = {Mathematical Epidemiology: Past, Present, and Future},
  author = {Fred Brauer},
  year = {2017},
  journal = {Infectious Disease Modelling},
  publisher = {Elsevier},
  volume = {2},
  number = {2},
  pages = {113--127},
}

@article{althaus2014,
  title = {Estimating the Reproduction Number of Ebola Virus (EBOV) During the 2014 Outbreak in West Africa},
  author = {Christian L. Althaus},
  year = {2014},
  journal = {PLoS currents},
  publisher = {Public Library of Science},
  volume = {6},
}

@article{budyko1969effect,
  title = {The Effect of Solar Radiation Variations on the Climate of the Earth},
  author = {Mikhail I. Budyko},
  year = {1969},
  journal = {{T}ellus},
  publisher = {Taylor \& Francis},
  volume = {21},
  number = {5},
  pages = {611--619},
}

@article{sellers1969global,
  title = {A Global Climatic Model Based on the Energy Balance of the Earth-Atmosphere System},
  author = {William D. Sellers},
  year = {1969},
  journal = {IMA Journal of Applied Mathematics},
  volume = {8},
  number = {3},
  pages = {392--400},
}

@article{north1981energy,
  title = {Energy Balance Climate Models},
  author = {Gerald R. North and Robert F. Cahalan and James A. Coakley Jr},
  year = {1981},
  journal = {Reviews of Geophysics},
  publisher = {Wiley Online Library},
  volume = {19},
  number = {1},
  pages = {91--121},
}

@article{held2005gap,
  title = {The Gap Between Simulation and Understanding in Climate Modeling},
  author = {Isaac M. Held},
  year = {2005},
  journal = {Bulletin of the American Meteorological Society},
  publisher = {American Meteorological Society},
  volume = {86},
  number = {11},
  pages = {1609--1614},
}

@article{roe2009feedbacks,
  title = {Feedbacks, Timescales, and Seeing Red},
  author = {Gerard Roe},
  year = {2009},
  journal = {Annual Review of Earth and Planetary Sciences},
  publisher = {Annual Reviews},
  volume = {37},
  pages = {93--115},
}

@article{held2000water,
  title = {Water Vapor Feedback and Global Warming},
  author = {Isaac M. Held and Brian J. Soden},
  year = {2000},
  journal = {Annual review of energy and the environment},
  publisher = {Annual Reviews 4139 El Camino Way, PO Box 10139, Palo Alto, CA 94303-0139, USA},
  volume = {25},
  number = {1},
  pages = {441--475},
}

@article{knutti2008equilibrium,
  title = {The Equilibrium Sensitivity of the Earth's Temperature to Radiation Changes},
  author = {Reto Knutti and Gabriele C. Hegerl},
  year = {2008},
  journal = {Nature Geoscience},
  publisher = {Nature Publishing Group},
  volume = {1},
  number = {11},
  pages = {735},
}

@article{knutti2015feedbacks,
  title = {Feedbacks, Climate Sensitivity and the Limits of Linear Models},
  author = {Reto Knutti and Maria AA Rugenstein},
  year = {2015},
  journal = {Philosophical Transactions of the Royal Society A: Mathematical, Physical and Engineering Sciences},
  publisher = {The Royal Society Publishing},
  volume = {373},
  number = {2054},
  pages = {20150146},
}

@article{schwartz2007heat,
  title = {Heat Capacity, Time Constant, and Sensitivity of Earth's Climate System},
  author = {Stephen E. Schwartz},
  year = {2007},
  journal = {Journal of Geophysical Research: Atmospheres},
  publisher = {Wiley Online Library},
  volume = {112},
  number = {D24},
}

@article{levitus2000warming,
  title = {Warming of the World Ocean},
  author = {Sydney Levitus and John I. Antonov and Timothy P. Boyer and Cathy Stephens},
  year = {2000},
  journal = {Science},
  publisher = {American Association for the Advancement of Science},
  volume = {287},
  number = {5461},
  pages = {2225--2229},
}

@article{soden2006assessment,
  title = {An Assessment of Climate Feedbacks in Coupled Ocean-Atmosphere Models},
  author = {Brian J. Soden and Isaac M. Held},
  year = {2006},
  journal = {Journal of Climate},
  volume = {19},
  number = {14},
  pages = {3354--3360},
}

@article{trenberth2009earth,
  title = {Earth's Global Energy Budget},
  author = {Kevin E. Trenberth and John T. Fasullo and Jeffrey Kiehl},
  year = {2009},
  journal = {Bulletin of the American Meteorological Society},
  publisher = {American Meteorological Society},
  volume = {90},
  number = {3},
  pages = {311--324},
}

@article{zaliapin2010another,
  title = {Another Look at Climate Sensitivity},
  author = {Ilya Zaliapin and Michael Ghil},
  year = {2010},
  journal = {arXiv preprint arXiv:1003.0253},
}

@article{trenberth2012tracking,
  title = {Tracking Earth’s Energy: From El Ni{\~n}o to Global Warming},
  author = {Kevin E. Trenberth and John T. Fasullo},
  year = {2012},
  journal = {Surveys in geophysics},
  publisher = {Springer},
  volume = {33},
  number = {3-4},
  pages = {413--426},
}

@article{flato2014evaluation,
  title = {Evaluation of Climate Models},
  author = {Gregory Flato and Jochem Marotzke and Babatunde Abiodun and Pascale Braconnot and S. Chan Chou and William Collins and Peter Cox and Fatima Driouech and Seita Emori and Veronika Eyring and others},
  year = {2014},
  journal = {Climate change 2013: the physical science basis. Contribution of Working Group I to the Fifth Assessment Report of the Intergovernmental Panel on Climate Change},
  publisher = {Cambridge University Press},
  pages = {741--866},
}

@article{langtangen2013escaping,
  title = {Escaping the Zombie Threat by Mathematics},
  author = {Hans Petter Langtangen and Kent-Andre Mardal and Pål Røtnes},
  year = {2013},
  journal = {Zombies in the Academy-Living Death in Higher Education},
}

@article{diekmann1990definition,
  title = {On the Definition and the Computation of the Basic Reproduction Ratio R 0 in Models for Infectious Diseases in Heterogeneous Populations},
  author = {Odo Diekmann and Johan Andre Peter Heesterbeek and Johan AJ Metz},
  year = {1990},
  journal = {Journal of mathematical biology},
  publisher = {Springer},
  volume = {28},
  number = {4},
  pages = {365--382},
}

@article{kermack1927contribution,
  title = {A Contribution to the Mathematical Theory of Epidemics—I},
  author = {William Ogilvy Kermack and Anderson G. McKendrick},
  year = {1927},
  journal = {Proceedings of the {R}oyal {S}ociety of {L}ondon. Series A, Containing papers of a mathematical and physical character},
  publisher = {The Royal Society London},
  volume = {115},
  number = {772},
  pages = {700--721},
  allowed_duplicates = {['kermack1927contribution']},
}

@article{kermack1927contribution,
  title = {A Contribution to the Mathematical Theory of Epidemics},
  author = {William Ogilvy Kermack and Anderson G. McKendrick},
  year = {1927},
  journal = {Proceedings of the {R}oyal {S}ociety of {L}ondon. Series A, Containing papers of a mathematical and physical character},
  publisher = {The Royal Society London},
  volume = {115},
  number = {772},
  pages = {700--721},
  allowed_duplicates = {['kermack1927contribution']},
}

@article{pearson1905problem,
  title = {The Problem of the Random Walk},
  author = {Karl Pearson},
  year = {1905},
  journal = {Nature},
  publisher = {Nature Publishing Group},
  volume = {72},
  number = {1867},
  pages = {342},
}

@article{codling2008random,
  title = {Random Walk Models in Biology},
  author = {Edward A. Codling and Michael J. Plank and Simon Benhamou},
  year = {2008},
  journal = {Journal of the Royal society interface},
  publisher = {The Royal Society London},
  volume = {5},
  number = {25},
  pages = {813--834},
}

@article{le2010improved,
  title = {An Improved Antarctic Dataset for High Resolution Numerical Ice Sheet Models (ALBMAP V1).},
  author = {Anne M. Le Brocq and Antony J. Payne and Andreas Vieli},
  year = {2010},
  journal = {Earth system science data.},
  publisher = {Copernicus Publications},
  volume = {2},
  number = {2},
  pages = {247--260},
}

@article{greene2017antarctic,
  title = {Antarctic Mapping Tools for {MATLAB}},
  author = {Chad A. Greene and David E. Gwyther and Donald D. Blankenship},
  year = {2017},
  journal = {Computers \& Geosciences},
  publisher = {Elsevier},
  volume = {104},
  pages = {151--157},
}

@article{box1976science,
  title = {Science and Statistics},
  author = {George EP Box},
  year = {1976},
  journal = {Journal of the American Statistical Association},
  publisher = {Taylor \& Francis},
  volume = {71},
  number = {356},
  pages = {791--799},
}

@article{brown1828xxvii,
  title = {XXVII. a Brief Account of Microscopical Observations Made in the Months of June, July and August 1827, on the Particles Contained in the Pollen of Plants; and on the General Existence of Active Molecules in Organic and Inorganic Bodies},
  author = {Robert Brown},
  year = {1828},
  journal = {The Philosophical Magazine},
  publisher = {Taylor \& Francis},
  volume = {4},
  number = {21},
  pages = {161--173},
}

@article{einstein1905investigations,
  title = {Investigations on the Theory of the Brownian Movement},
  author = {Albert Einstein},
  year = {1905},
  journal = {Ann. D. Phys.},
  volume = {17},
  pages = {549},
}

@article{wengert1964simple,
  title = {A Simple Automatic Derivative Evaluation Program},
  author = {Robert Edwin Wengert},
  year = {1964},
  journal = {Communications of the ACM},
  publisher = {ACM New York, NY, USA},
  volume = {7},
  number = {8},
  pages = {463--464},
}

@article{mccallum2001should,
  title = {How Should Pathogen Transmission Be Modelled?},
  author = {Hamish McCallum and Nigel Barlow and Jim Hone},
  year = {2001},
  journal = {Trends in ecology \& evolution},
  publisher = {Elsevier},
  volume = {16},
  number = {6},
  pages = {295--300},
}

@article{fretwell2013bedmap2,
  title = {Bedmap2: Improved Ice Bed, Surface and Thickness Datasets for Antarctica},
  author = {Peter Fretwell and Hamish D. Pritchard and David G. Vaughan and Jonathan L. Bamber and Nicholas E. Barrand and R. Bell and C. Bianchi and RG Bingham and Donald D. Blankenship and G. Casassa},
  year = {2013},
  journal = {The Cryosphere},
  volume = {7},
  number = {1},
  pages = {375--393},
}

@article{hellmann1994albite,
  title = {The Albite-Water System: Part I. the Kinetics of Dissolution As a Function of PH at 100, 200 and 300 C},
  author = {Roland Hellmann},
  year = {1994},
  journal = {Geochimica et Cosmochimica Acta},
  publisher = {Elsevier},
  volume = {58},
  number = {2},
  pages = {595--611},
}

@article{chou1985steady,
  title = {Steady-State Kinetics and Dissolution Mechanisms of Albite},
  author = {Lei Chou and Roland Wollast},
  year = {1985},
  journal = {American Journal of Science},
  publisher = {American Journal of Science},
  volume = {285},
  number = {10},
  pages = {963--993},
}

@article{thyng2016true,
  title = {True Colors of Oceanography: Guidelines for Effective and Accurate Colormap Selection},
  author = {Kristen M. Thyng and Chad A. Greene and Robert D. Hetland and Heather M. Zimmerle and Steven F. DiMarco},
  year = {2016},
  journal = {Oceanography},
  publisher = {JSTOR},
  volume = {29},
  number = {3},
  pages = {9--13},
}

@article{hoyer2017xarray,
  title = {Xarray: ND Labeled Arrays and Datasets in {P}ython},
  author = {Stephan Hoyer and Joe Hamman},
  year = {2017},
  journal = {Journal of Open Research Software},
  publisher = {Ubiquity Press},
  volume = {5},
  number = {1},
}

@article{graney2012giovanni,
  title = {Anatomy of a Fall: {G}iovanni {B}attista {R}iccioli and the Story of G},
  author = {Christopher M. Graney},
  year = {2012},
  journal = {Phys. Today},
  volume = {65},
  number = {9},
  pages = {36},
}

@article{goldberg1991every,
  title = {What Every Computer Scientist Should Know About Floating-Point Arithmetic},
  author = {David Goldberg},
  year = {1991},
  journal = {ACM computing surveys (CSUR)},
  publisher = {ACM New York, NY, USA},
  volume = {23},
  number = {1},
  pages = {5--48},
}

@article{noerdlinger2007melting,
  title = {The Melting of Floating Ice Raises the Ocean Level},
  author = {Peter D. Noerdlinger and Kay R. Brower},
  year = {2007},
  journal = {Geophysical Journal International},
  publisher = {Blackwell Publishing Ltd Oxford, UK},
  volume = {170},
  number = {1},
  pages = {145--150},
}

@book{metz2005carbon,
  title = {Carbon Dioxide Capture and Storage: Special Report of the Intergovernmental Panel on Climate Change},
  author = {Bert Metz and Ogunlade Davidson and Heleen De Coninck and others},
  year = {2005},
  publisher = {Cambridge University Press},
}

@book{darcy,
  title = {Les Fontaines Publiques De La Ville De Dijon: Exposition Et Application...},
  author = {Henry Darcy},
  year = {1856},
  publisher = {Victor Dalmont},
}

@book{hirsch2007numerical,
  title = {Numerical Computation of Internal and External Flows: the Fundamentals of Computational Fluid Dynamics},
  author = {Charles Hirsch},
  year = {2007},
  publisher = {Elsevier},
}

@book{dake1983fundamentals,
  title = {Fundamentals of Reservoir Engineering},
  author = {Laurence Patrick Dake},
  year = {1983},
  publisher = {Elsevier},
}

@book{matthews1967pressure,
  title = {Pressure Buildup and Flow Tests in Wells},
  author = {Charles Sedwick Matthews and Donald G. Russell},
  year = {1967},
  publisher = {Henry L. Doherty Memorial Fund of AIME New York},
  volume = {1},
}

@book{lee2003pressure,
  title = {Pressure Transient Testing},
  author = {John Lee and John B. Rollins and John Paul Spivey},
  year = {2003},
  publisher = {Richardson, Tex.: Henry L. Doherty Memorial Fund of AIME, Society of Petroleum Engineers},
}

@book{whelan2013zombies,
  title = {Zombies in the Academy: Living Death in Higher Education},
  author = {A. Whelan and R. Walker and C. Moore},
  year = {2013},
  publisher = {Intellect Books Limited},
  url = {https://books.google.no/books?id=87arDwAAQBAJ},
  isbn = {9781783200764},
}

@book{Langtangen_2014,
  title = {A Primer on Scientific Programming With {P}ython},
  author = {H. P. Langtangen},
  year = {2014},
  publisher = {Springer},
  edition = {Fourth},
  series = {Texts in Computational Science and Engineering},
}

@book{newman2013,
  title = {Computational Physics},
  author = {Mark Newman},
  year = {2013},
  publisher = {CreateSpace Independent Publ.},
}

@book{stoer2013,
  title = {Introduction to Numerical Analysis},
  author = {Josef Stoer and Roland Bulirsch},
  year = {2013},
  publisher = {Springer Science \& Business Media},
  volume = {12},
}

@book{strang2019,
  title = {Linear Algebra and Learning From Data},
  author = {Gilbert Strang},
  year = {2019},
  publisher = {Wellesley-Cambridge Press},
}

@book{trefethen1997,
  title = {Numerical Linear Algebra},
  author = {Lloyd N. Trefethen and David Bau III},
  year = {1997},
  publisher = {SIAM},
  volume = {50},
}

@book{press2001,
  title = {Numerical Recipes in C++: the Art of Scientific Computing},
  author = {William H. Press and William T. Vetterling and Saul A. Teukolsky and Brian P. Flannery},
  year = {2002},
  publisher = {Cambridge University Press},
  address = {New York, NY, USA},
  edition = {2nd},
  isbn = {0-521-75033-4},
}

@book{press2007,
  title = {Numerical Recipes 3rd Edition: the Art of Scientific Computing},
  author = {William H. Press and Saul A. Teukolsky and William T. Vetterling and Brian P. Flannery},
  year = {2007},
  publisher = {Cambridge University Press},
  address = {New York, NY, USA},
  edition = {3},
  isbn = {0521880688, 9780521880688},
}

@book{davis1985,
  title = {The Serpent and the Rainbow: a Harvard Scientist's Astonishing Journey Into the Secret Societies of Haitian Voodoo, Zombies, and Magic},
  author = {W. Davis},
  year = {1985},
  publisher = {New York: Simon and Schuster},
}

@book{goosse2010introduction,
  title = {Introduction to Climate Dynamics and Climate Modeling},
  author = {Hugues Goosse and Pierre-Yves Barriat and Marie-France Loutre and Violette Zunz},
  year = {2010},
  publisher = {Centre de recherche sur la Terre et le climat Georges Lemaitre},
}

@book{stocker2016introduction,
  title = {Introduction to Climate Modelling},
  author = {Thomas Stocker},
  year = {2016},
  publisher = {Lecture Notes, University of Bern},
}

@book{rybicki2008radiative,
  title = {Radiative Processes in Astrophysics},
  author = {George B. Rybicki and Alan P. Lightman},
  year = {2008},
  publisher = {John Wiley \& Sons},
}

@book{wallace2006atmospheric,
  title = {Atmospheric Science: an Introductory Survey},
  author = {John M. Wallace and Peter V. Hobbs},
  year = {2006},
  publisher = {Elsevier},
  volume = {92},
}

@book{davis2010serpent,
  title = {The Serpent and the Rainbow},
  author = {Wade Davis},
  year = {2010},
  publisher = {New York: Simon and Schuster},
}

@book{brooks2003zombie,
  title = {The Zombie Survival Guide: Complete Protection From the Living Dead},
  author = {Max Brooks},
  year = {2003},
  publisher = {Broadway books},
}

@book{hiorth,
  title = {Computational Engineering and Modeling},
  author = {Aksel Hiorth},
  year = {2021},
  publisher = {https://github.com/ahiorth/CompEngineering},
}

@inproceedings{sulak1988reservoir,
  title = {{R}eservoir Aspects of {E}kofisk Subsidence},
  author = {AM Sulak and J. Danielsen},
  year = {1988},
  booktitle = {{O}ffshore {T}echnology {C}onference},
  organization = {{O}ffshore {T}echnology {C}onference},
}

@inproceedings{carbognin1976new,
  title = {New Trend in the Subsidence of {V}enice},
  author = {Laura Carbognin and Paolo Gatto and Giuseppe Mozzi and Giuseppe Gambolati and Giuseppe Ricceri},
  year = {1976},
  booktitle = {Proceedings of the Anaheim Symposium, Publication},
  volume = {121},
  pages = {65--81},
}

@inproceedings{krueger1988overview,
  title = {An Overview of Formation Damage and Well Productivity in Oilfield Operations: an Update},
  author = {Roland F. Krueger},
  year = {1988},
  booktitle = {SPE California Regional Meeting},
  organization = {Society of Petroleum Engineers},
}

@inproceedings{crank1947practical,
  title = {A Practical Method for Numerical Evaluation of Solutions of Partial Differential Equations of the Heat-Conduction Type},
  author = {John Crank and Phyllis Nicolson},
  year = {1947},
  booktitle = {Mathematical Proceedings of the Cambridge Philosophical Society},
  volume = {43},
  number = {1},
  pages = {50--67},
  organization = {Cambridge University Press},
}

@inproceedings{ramey1966application,
  title = {Application of the Line Source Solution to Flow in Porous Media - {A} Review},
  author = {HJ Ramey},
  year = {1966},
  booktitle = {SPE-AIChE Joint Symposium},
  organization = {OnePetro},
}

@techreport{nance2010finite,
  title = {Finite Volume Algorithms for Heat Conduction},
  author = {Douglas V. Nance},
  year = {May 2010},
  institution = {United States Air Force Research Laboratory, Munitions Directorate},
}

@techreport{palandri2004compilation,
  title = {A Compilation of Rate Parameters of Water-Mineral Interaction Kinetics for Application to Geochemical Modeling},
  author = {James L. Palandri and Yousif K. Kharaka},
  year = {2004},
  institution = {Geological Survey Menlo Park CA},
}

@techreport{IPCC2021,
  title = {{Climate Change 2021: the Physical Science Basis. Contribution of Working Group I to the Sixth Assessment Report of the Intergovernmental Panel on Climate Change}},
  author = {V. Masson-Delmotte and P. Zhai and A. Pirani and S. L. Connors and C. Pean and S. Berger and N. Caud and Y. Chen and L. Goldfarb and M. I. Gomis and M. Huang and K. Leitzell and E. Lonnoy and J. B. R. Matthews and T. K. Maycock and T. Waterfield and O. Yelekci and R. Yu and B. Zhou (eds.)},
  year = {2021},
  institution = {Cambridge University Press. In Press.},
  group = {IPCC},
  month = {August},
}

@misc{griffiths2005introduction,
  title = {Introduction to Electrodynamics},
  author = {David J. Griffiths},
  year = {2005},
  publisher = {American Association of Physics Teachers},
}

@misc{covid19project,
  title = {Covid-19, Data and a Simple Compartment Model},
  author = {Aksel Hiorth and Oddbjørn Nødland},
  year = {2021},
  journal = {MOD510, project 0},
  howpublished = {\url{https://github.com/ahiorth/CompEngineering/blob/master/projects/covid19/pdf/covid19.pdf}},
  month = {August},
  note = {(Accessed on 6/10/2021)},
}

@misc{NIPH,
  title = {{C}oronavirus Modelling at the {NIPH}},
  howpublished = {\url{https://www.fhi.no/en/id/infectious-diseases/coronavirus/coronavirus-modelling-at-the-niph-fhi/}},
  note = {Accessed: 2019-10-26},
}

@misc{Python,
  title = {{Python} Programming Language},
  url = {http://python.org},
  note = {\url{http://python.org}},
  key = {Python},
}

@misc{Langtangen_TCSE6_looplist,
  title = {Loops and Lists},
  author = {H. P. Langtangen},
  url = {http://hplgit.github.io/primer.html/doc/pub/looplist},
  note = {\emph{http://hplgit.github.io/primer.html/doc/pub/looplist}},
}

@misc{Langtangen_dobook_fake,
  title = {Some Document},
  author = {H. P. Langtangen},
  url = {http://hplgit.github.io/setup4book-doconce/doc/pub/fake/html},
  note = {\emph{http://hplgit.github.io/setup4book-doconce/doc/pub/fake/html}},
}

@misc{Langtangen_dobook_mako,
  title = {Use of Mako to Aid Book Writing},
  author = {H. P. Langtangen},
  url = {http://hplgit.github.io/setup4book-doconce/doc/pub/mako/html},
  note = {\emph{http://hplgit.github.io/setup4book-doconce/doc/pub/mako/html}},
}

@misc{Langtangen_dobook_rules,
  title = {Directory and File Structure},
  author = {H. P. Langtangen},
  url = {http://hplgit.github.io/setup4book-doconce/doc/pub/rules/html},
  note = {\emph{http://hplgit.github.io/setup4book-doconce/doc/pub/rules/html}},
}

@misc{Langtangen_TCSE6_debug,
  title = {Debugging in {Python}},
  author = {H. P. Langtangen},
  url = {http://hplgit.github.io/primer.html/doc/pub/debug},
  note = {\emph{http://hplgit.github.io/primer.html/doc/pub/debug}},
}

@misc{snl,
  title = {{S}tore {N}orske {L}eksikon},
  howpublished = {\url{https://snl.no}},
  note = {Accessed: 2019-10-24},
}

@misc{WikiDiamondPrincess,
  title = {{COVID-19 Pandemic on Diamond Princess}},
  author = {Wikipedia},
  year = {2021},
  howpublished = {\url{https://en.wikipedia.org/wiki/COVID-19_pandemic_on_Diamond_Princess}},
  note = {(Accessed on 19/11/2021)},
}

@misc{covid_compartment_project,
  title = {Spread of {I}nfectious {D}iseases},
  author = {Aksel Hiorth and Oddbjørn Nødland},
  year = {2021},
  journal = {MOD510, project 3},
  howpublished = {\url{https://github.com/ahiorth/CompEngineering/blob/master/projects/H21/project3/pdf/project3.pdf}},
  month = {November},
  note = {(Accessed on 19/11/2021)},
}
